@article{Ant74,
  author = {Charles E. Antoniak},
  year = {1974},
  title = {Mixtures of {D}irichlet Processes with Applications to {B}ayesian Nonparametric Problems},
  journal = {Ann. Statist.},
  volume = {2},
  number = {6},
  pages = {1152--1174},
  doi = {10.1214/aos/1176342871}
}

@inproceedings{ASW08,
  author = {Arthur Asuncion and Padhraic Smyth and Max Welling},
  year = {2008},
  title = {Asynchronous Distributed Learning of Topic Models},
  series = {Advances in Neural Information Processing Systems},
  volume = {21},
  editor = {Daphne Koller and Dale Schuurmans and Yoshua Bengio and Leon Bottou},
  pages = {81--88},
  location = {Vancouver, BC, Canada},
  url = {https://papers.nips.cc/paper/3524-asynchronous-distributed-learning-of-topic-models}
}

@article{BJ06,
  author = {David M. Blei and Michael I. Jordan},
  year = {2006},
  title = {Variational inference for {D}irichlet process mixtures},
  journal = {Bayesian Anal.},
  volume = {1},
  number = {1},
  pages = {121--143},
  doi = {10.1214/06-BA104}
}

@inproceedings{CF13,
  author = {Jason Chang and Fisher, III, John W.},
  year = {2013},
  title = {Parallel Sampling of {DP} Mixture Models using Sub-Cluster Splits},
  series = {Advances in Neural Information Processing Systems},
  publisher = {Curran Associates},
  volume = {26},
  editor = {Christopher J. C. Burges and Leon Bottou and Max Welling and Zoubin Ghahramani and Kilian Q. Weinberger},
  pages = {620--628},
  location = {Lake Tahoe, CA, USA},
  url = {https://papers.nips.cc/paper/5162-parallel-sampling-of-dp-mixture-models-using-sub-cluster-splits}
}

@inproceedings{CF14,
  author = {Jason Chang and Fisher, III, John W.},
  year = {2014},
  title = {Parallel Sampling of {HDP}s using Sub-Cluster Splits},
  series = {Advances in Neural Information Processing Systems},
  publisher = {Curran Associates},
  volume = {27},
  editor = {Zoubin Ghahramani and Max Welling and Corinna Cortes and Neil D. Lawrence and Kilian Q. Weinberger},
  pages = {235--243},
  location = {Montr\'eal, Canada},
  url = {https://papers.nips.cc/paper/5235-parallel-sampling-of-hdps-using-sub-cluster-splits}
}

@article{Cor+96,
  author = {R. M. Corless and G. H. Gonnet and D. E. G. Hare and D. J. Jeffrey and D. E. Knuth},
  year = {1996},
  title = {On the {L}ambert\textit{W} function},
  journal = {Advances in Computational Mathematics},
  volume = {5},
  number = {1},
  pages = {329--359},
  doi = {10.1007/BF02124750}
}

@article{DWX14,
  author = {Avinava Dubey and Sinead A. Williamson and Eric P. Xing},
  year = {2014},
  title = {Parallel {M}arkov Chain {M}onte {C}arlo for {P}itman--{Y}or Mixture Models},
  series = {Uncertainty in Artificial Intelligence},
  booktitle = {Proceedings of the Thirtieth Conference},
  editor = {Nevin L. Zhang and Jin Tian},
  publisher = {AUAI},
  location = {Quebec City, Canada},
  volume = {30},
  pages = {142--151},
  url = {http://auai.org/uai2014/proceedings/uai-2014-proceedings.pdf}
}

@article{Fer73,
  author = {Thomas S. Ferguson},
  year = {1973},
  title = {A {B}ayesian Analysis of Some Nonparametric Problems},
  journal = {Ann. Statist.},
  volume = {1},
  number = {2},
  pages = {209--230},
  doi = {10.1214/aos/1176342360}
}

@inproceedings{Fox+08,
  author = {Emily B. Fox and Erik B. Sudderth and Michael I. Jordan and Alan S. Willsky},
  year = {2008},
  title = {An {HDP}-{HMM} for Systems with State Persistence},
  booktitle = {Proceedings of the 25th International Conference on Machine Learning},
  location = {Helsinki, Finland},
  url = {http://www.machinelearning.org/archive/icml2008/papers/305.pdf}
}

@article{GG11,
  year = {2011},
  title = {The {Indian} Buffet Process: An Introduction and Review},
  journal = {J. Mach. Learn. Res.},
  volume = {12},
  pages = {1185--1224},
  url = {http://www.jmlr.org/papers/v12/griffiths11a.html}
}

@inproceedings{GG06,
  author = {Thomas L. Griffiths and Zoubin Ghahramani},
  year = {2006},
  title = {Infinite latent feature models and the {I}ndian buffet process},
  series = {Advances in Neural Information Processing Systems},
  volume = {18},
  pages = {475--482},
  editor = {Yair Weiss and Bernhard Sch\"olkopf and John C. Platt},
  publisher = {MIT Press},
  location = {Vancouver, BC, Canada},
  url = {https://papers.nips.cc/paper/2882-infinite-latent-feature-models-and-the-indian-buffet-process}
}


@inproceedings{GG14,
  author = {Yarin Gal and Zoubin Ghahramani},
  year = {2014},
  title = {Pitfalls in the use of Parallel Inference for the {D}irichlet Process},
  booktitle = {Proceedings of the 31st International Conference on Machine Learning},
  series = {Proceedings of Machine Learning Research},
  editor = {Eric P. Xing and Tony Jebara},
  publisher = {PMLR},
  location = {Beijing, China},
  volume = {28},
  pages = {208--216},
  url = {http://proceedings.mlr.press/v32/gal14.html}
}

@inproceedings{Ge+15,
  author = {Hong Ge and Yutian Chen and Moquan Wan and Zoubin Ghahramani},
  year = {2015},
  title = {Distributed Inference for {D}irichlet Process Mixture Models},
  booktitle = {Proceedings of the 32nd International Conference on Machine Learning},
  series = {Proceedings of Machine Learning Research},
  editor = {Sanjoy Dasgupta and David McAllester},
  publisher = {PMLR},
  location = {Lille, France},
  volume = {37},
  pages = {98--106},
  url = {http://proceedings.mlr.press/v37/gea15.html}
}

@article{HA07,
  author = {John P. Huelsenbeck and Peter Andolfatto},
  year = {2007},
  title = {Inference of Population Structure Under a {D}irichlet Process Model},
  journal = {Genetics},
  volume = {175},
  number = {4},
  pages = {1787--1802},
  doi = {10.1534/genetics.106.061317}
}

@article{HHH12,
  author = {Tracy A. Heath and Mark T. Holder and John P. Huelsenbeck},
  year = {2012},
  title = {A {D}irichlet Process Prior for Estimating Lineage-Specific Substitution Rates},
  journal = {Mol Biol Evol},
  volume = {29},
  number = {3},
  pages = {939--955},
  doi = {10.1093/molbev/msr255}
}

@article{Hue+06,
  author = {John P. Huelsenbeck and Sonia Jain and Simon W. D. Frost and Sergei L. Kosakovsky Pond},
  year = {2006},
  title = {A {D}irichlet process model for detecting positive selection in protein-coding {DNA} sequences},
  journal = {PNAS},
  volume = {103},
  number = {16},
  pages = {6263--6268},
  doi = {10.1073/pnas.0508279103}
}

@article{Ior+15,
  author = {Maria De Iorio and Lloyd T. Elliott and Stefano Favaro and Kaustubh Adhikari and Yee Whye Teh},
  year = {2015},
  title = {Modeling population structure under hierarchical {D}irichlet processes},
  url = {https://arxiv.org/abs/1503.08278v1}
}

@inproceedings{KWT07,
  author = {Kenichi Kurihara and Max Welling and Yee Whye Teh},
  year = {2007},
  title = {Collapsed Variational {D}irichlet Process Mixture Models},
  booktitle = {Proceedings of the 20th International Joint Conference on Artificial Intelligence},
  pages = {2796--2801},
  editor = {Manuela Veloso},
  location = {Hyderabad, India},
  publisher = {International Joint Conferences on Artificial Intelligence},
  url = {http://www.aaai.org/Library/IJCAI/2007/ijcai07-449.php}
}

@article{Lov+13,
  author = {Dan Lovell and Jonathan Malmaud and Ryan P. Adams and Vikash K. Mansinghka},
  year = {2013},
  title = {Cluster{C}luster: Parallel {M}arkov Chain {M}onte {C}arlo for {D}irichlet Process Mixtures},
  url = {https://arxiv.org/abs/1304.2302v1}
}

@article{Moo+14,
  author = {Brian R. Moore and Jim McGuire and Fredrik Ronquist and John P. Huelsenbeck},
  year = {2014},
  title = {Bayesian Analysis of Partitioned Data},
  url = {https://arxiv.org/abs/1409.0906v1}
}

@article{Nea00,
  author = {Radford M. Neal},
  year = {2000},
  title = {Markov chain Sampling Methods for {D}irichlet Process Mixture Models},
  journal = {Journal of Computational and Graphical Statistics},
  volume = {9},
  number = {2},
  pages = {249--265},
  doi = {10.1080/10618600.2000.10474879}
}

@article{PY97,
  author = {Jim Pitman and Marc Yor},
  year = {1997},
  title = {The two-parameter {P}oisson--{D}irichlet distribution derived from a stable subordinator},
  journal = {Ann. Probab.},
  volume = {25},
  number = {2},
  pages = {855--900},
  doi = {10.1214/aop/1024404422}
}

@article{RB11,
  author = {Brian J. Reich and Howard D. Bondell},
  year = {2011},
  title = {A Spatial Dirichlet Process Mixture Model for Clustering Population Genetics Data},
  journal = {Biometrics},
  volume = {67},
  number = {2},
  pages = {381--390},
  doi = {10.2307/41242476}
}

@article{SX09,
  author = {Kyung-Ah Sohn and Eric P. Xing},
  year = {2009},
  title = {A hierarchical {D}irichlet process mixture model for haplotype reconstruction from multi-population data},
  journal = {Ann. Appl. Stat.},
  volume = {3},
  number = {2},
  pages = {791--821},
  doi = {10.1214/08-AOAS225}
}

@inproceedings{Sud+06,
  author = {Erik B. Sudderth and Antonio Torralba and William T. Freeman and Alan S. Willsky},
  year = {2006},
  title = {Describing Visual Scenes using Transformed {D}irichlet Processes},
  series = {Advances in Neural Information Processing Systems},
  volume = {18},
  pages = {1297--1304},
  editor = {Yair Weiss and Bernhard Sch\"olkopf and John C. Platt},
  publisher = {MIT Press},
  location = {Vancouver, BC, Canada},
  url = {https://papers.nips.cc/paper/2772-describing-visual-scenes-using-transformed-dirichlet-processes}
}

@article{Teh+06,
  author = {Yee Whye Teh and Michael I. Jordan and Matthew J. Beal and David M. Blei},
  year = {2006},
  title = {Hierarchical {D}irichlet Processes},
  journal = {Journal of the American Statistical Association},
  volume = {101},
  number = {476},
  pages = {1566--1581},
  doi = {10.1198/016214506000000302}
}

@inbook{TJ10,
  author = {Yee Whye Teh and Michael I. Jordan},
  year = {2010},
  title = {Hierarchical {B}ayesian nonparametric models with applications},
  booktitle = {Bayesian Nonparametrics},
  editor = {Nils Lid Hjort and Chris Holmes and Peter M\"uller and Stephen G. Walker},
  series = {Cambridge Series in Statistical and Probabilistic Mathematics},
  publisher={Cambridge University Press},
  place = {Cambridge},
  pages = {158--207},
  DOI = {10.1017/CBO9780511802478.006}
}

@inproceedings{TKW07,
  author = {Yee Whye Teh and Kenichi Kurihara and Max Welling},
  year = {2007},
  title = {Collapsed Variational Inference for {HDP}},
  series = {Advances in Neural Information Processing Systems},
  volume = {20},
  editor =  {John C. Platt and Daphne Koller and Yoram Singer and Sam T. Roweis},
  publisher = {Curran Associates},
  location = {Vancouver, BC, Canada},
  pages = {1481--1488},
  url = {https://papers.nips.cc/paper/3342-collapsed-variational-inference-for-hdp}
}

@article{Ter+17,
  author = {Alexander Terenin and M{\aa}ns Magnusson and Leif Jonsson and David Draper},
  year = {2017},
  title = {P\'olya {U}rn {L}atent {D}irichlet {A}llocation: a sparse massively parallel sampler},
  url = {https://arxiv.org/abs/1704.03581v1}
}

@inproceedings{WDX13,
  author = {Sinead A. Williamson and Avinava Dubey and Eric P. Xing},
  year = {2013},
  title = {Parallel {M}arkov chain {M}onte {C}arlo for nonparametric mixture models},
  booktitle = {Proceedings of the 30th International Conference on Machine Learning},
  series = {Proceedings of Machine Learning Research},
  editor = {Sanjoy Dasgupta and David McAllester},
  publisher = {PMLR},
  location = {Atlanta, GA, USA},
  volume = {28},
  pages = {98--106},
  url = {http://proceedings.mlr.press/v28/williamson13.html}
}

@inproceedings{UBC10,
  author = {Yener Ulker and Bilge G\"unsel and Taylan Cemgil},
  year = {2010},
  title = {Sequential {M}onte {C}arlo Samplers for {D}irichlet Process Mixtures},
  booktitle = {Proceedings of the 13th International Conference on Artificial Intelligence and Statistics},
  series = {Proceedings of Machine Learning Research},
  editor = {Yee Whye Teh and Mike Titterington},
  volume = {9},
  pages = {876--883},
  publisher = {PMLR},
  location = {Sardinia, Italy},
  url = {http://proceedings.mlr.press/v9/ulker10a.html}
}

@article{WW13,
  author = {Liming Wang and Xiaodong Wang},
  year = {2013},
  title = {Hierarchical {D}irichlet process model for gene expression clustering},
  journal = {EURASIP J. Bioinform. Syst. Biol.},
  volume = {2013},
  number = {1},
  pages = {5},
  doi = {10.1186/1687-4153-2013-5}
}

@article{ZDW17,
  author = {Michael M. Zhang and Avinava Dubey and Sinead A. Williamson},
  year = {2017},
  title = {Parallel {M}arkov Chain {M}onte {C}arlo for the {I}ndian Buffet Process},
  url = {https://arxiv.org/abs/1703.03457}
}
